<record><leader>00000cas a22000007a 4500</leader><controlfield tag="001">10113744</controlfield><controlfield tag="008">831109d18821883ksuwr ne      0   a0eng d</controlfield><datafield ind1=" " ind2=" " tag="010"><subfield code="a">sn 83040934 </subfield></datafield><datafield ind1=" " ind2=" " tag="040"><subfield code="a">KSH</subfield><subfield code="b">eng</subfield><subfield code="c">KSH</subfield><subfield code="d">NPT</subfield><subfield code="d">OCL</subfield><subfield code="d">OCLCQ</subfield><subfield code="d">OCLCF</subfield><subfield code="d">OCLCO</subfield></datafield><datafield ind1=" " ind2=" " tag="019"><subfield code="a">10113766</subfield><subfield code="a">10117798</subfield></datafield><datafield ind1=" " ind2=" " tag="042"><subfield code="a">msc</subfield></datafield><datafield ind1=" " ind2=" " tag="043"><subfield code="a">n-us-ks</subfield></datafield><datafield ind1="0" ind2=" " tag="130"><subfield code="a">Cresset (Clay Center, Kan.)</subfield></datafield><datafield ind1="1" ind2="4" tag="245"><subfield code="a">The cresset.</subfield></datafield><datafield ind1="3" ind2="0" tag="246"><subfield code="a">Semi-weekly cresset</subfield></datafield><datafield ind1=" " ind2=" " tag="260"><subfield code="a">Clay Center, Kan. :</subfield><subfield code="b">J.A. Jordan &amp; Co.,</subfield><subfield code="c">1882-</subfield></datafield><datafield ind1=" " ind2=" " tag="300"><subfield code="a">v. ;</subfield><subfield code="c">50-54 cm.</subfield></datafield><datafield ind1=" " ind2=" " tag="310"><subfield code="a">Weekly,</subfield><subfield code="b">Nov. 3-&lt;24, 1883&gt;</subfield></datafield><datafield ind1=" " ind2=" " tag="321"><subfield code="a">Weekly,</subfield><subfield code="b">Oct. 7, 1882-July 21, 1883</subfield></datafield><datafield ind1=" " ind2=" " tag="321"><subfield code="a">Semiweekly,</subfield><subfield code="b">July 25-Oct. 25, 1883</subfield></datafield><datafield ind1="0" ind2=" " tag="362"><subfield code="a">Vol. 1, no. 1 (Oct. 7, 1882)-</subfield></datafield><datafield ind1="1" ind2=" " tag="362"><subfield code="a">Ceased in 1883?</subfield></datafield><datafield ind1=" " ind2=" " tag="500"><subfield code="a">Published as: Semi-weekly cresset, July 25-Oct. 25, 1883.</subfield></datafield><datafield ind1=" " ind2=" " tag="500"><subfield code="a">"National Greenback party ... Anti-Monopolist."</subfield></datafield><datafield ind1=" " ind2=" " tag="525"><subfield code="a">Supplement accompanies July 21, 1883 issue.</subfield></datafield><datafield ind1=" " ind2="0" tag="650"><subfield code="a">Monopolies</subfield><subfield code="v">Periodicals.</subfield></datafield><datafield ind1=" " ind2="0" tag="650"><subfield code="a">Greenbacks</subfield><subfield code="v">Periodicals.</subfield></datafield><datafield ind1=" " ind2="7" tag="655"><subfield code="a">Periodicals.</subfield><subfield code="2">fast</subfield><subfield code="0">(OCoLC)fst01411641</subfield></datafield><datafield ind1=" " ind2="7" tag="650"><subfield code="a">Greenbacks.</subfield><subfield code="2">fast</subfield><subfield code="0">(OCoLC)fst00947665</subfield></datafield><datafield ind1=" " ind2="7" tag="650"><subfield code="a">Monopolies.</subfield><subfield code="2">fast</subfield><subfield code="0">(OCoLC)fst01025673</subfield></datafield><datafield ind1=" " ind2=" " tag="752"><subfield code="a">United States</subfield><subfield code="b">Kansas</subfield><subfield code="c">Clay</subfield><subfield code="d">Clay Center.</subfield></datafield></record>